@InProceedings{manning-EtAl:2014:P14-5,
  author    = {Manning, Christopher D. and  Surdeanu, Mihai  and  Bauer, John  and  Finkel, Jenny  and  Bethard, Steven J. and  McClosky, David},
  title     = {The {Stanford} {CoreNLP} Natural Language Processing Toolkit},
  booktitle = {Proceedings of 52nd Annual Meeting of the Association for Computational Linguistics: System Demonstrations},
  year      = {2014},
  pages     = {55--60},
  url       = {http://www.aclweb.org/anthology/P/P14/P14-5010}
}
%  month     = {June},
%  address   = {Baltimore, Maryland},
%  publisher = {Association for Computational Linguistics},



@article{american2013diagnosis,
  title={Standards of Medical Care in Diabetesâ€”2013},
  author={American Diabetes Association and others},
  journal={Diabetes care},
  volume={36},
  number={Supplement 1},
  pages={S1--S110},
  year={2013},
  publisher={Am Diabetes Assoc}
}

@article{doi:10.1001/jama.2013.284427,
author = {James PA and Oparil S and Carter BL and et al},
title = {2014 evidence-based guideline for the management of high blood pressure in adults: Report from the panel members appointed to the eighth joint national committee (jnc 8)},
journal = {JAMA},
volume = {311},
number = {5},
pages = {507-520},
year = {2014},
doi = {10.1001/jama.2013.284427},
URL = { + http://dx.doi.org/10.1001/jama.2013.284427},
eprint = {/data/Journals/JAMA/929741/jsc130010.pdf}
}

@article{chow2012idsa,
  title={IDSA clinical practice guideline for acute bacterial rhinosinusitis in children and adults},
  author={Chow, Anthony W and Benninger, Michael S and Brook, Itzhak and Brozek, Jan L and Goldstein, Ellie JC and Hicks, Lauri A and Pankey, George A and Seleznick, Mitchel and Volturo, Gregory and Wald, Ellen R and others},
  journal={Clinical Infectious Diseases},
  pages={cir1043},
  year={2012},
  publisher={Oxford University Press}
}

@incollection{wenzina2013identifying,
  title={Identifying Condition-Action Sentences Using a Heuristic-based Information Extraction Method},
  author={Wenzina, Reinhardt and Kaiser, Katharina},
  booktitle={Process Support and Knowledge Representation in Health Care},
  pages={26--38},
  year={2013},
  publisher={Springer}
}
